@article{devlin2018bert,
  title={Bert: Pre-training of deep bidirectional transformers for language understanding},
  author={Devlin, Jacob and Chang, Ming-Wei and Lee, Kenton and Toutanova, Kristina},
  journal={arXiv preprint arXiv:1810.04805},
  year={2018}
}

@article{poria2017, 
  title={A deeper look into sarcastic tweets using deep convolutional neural networks},
  author={Poria, Soujanya and Cambria, Erik and Hazarike, Devamanyu and Vij, Prateek},
  journal={arXiv:1610.08815v2},
  year={2017}
}

@article{ghosh2016, 
  title={Fracking sarcasm using neural network},
  author={Ghosh, Aniruddha and Veale, Tony},
  journal={Proceedings of NAACL-HLT},
  year={2016}
}